@misc{ meituan_serverless_nest,
  title = "美团Serverless平台Nest的探索与实践",
  url = "https://tech.meituan.com/2021/04/21/nest-serverless.html",
  year={2021},
}


@misc{ meituan_serverless_2,
  title = "美团如何通过新平台落地 Serverless 的？",
  url = "https://www.infoq.cn/article/ecrsxE0VtOOwXlFgCvgW?utm_source=rss&utm_medium=article",
  year={2022},
}

@misc{ introducing_lambda,
  title = "Introducing AWS Lambda",
  url = "https://aws.amazon.com/cn/about-aws/whats-new/2014/11/13/introducing-aws-lambda/",
  year={2014},
}

@misc{ serverless_report_2021,
  title = "如何评估 Serverless 服务能力？这份报告给出了 40 条标准",
  url = "https://developer.aliyun.com/article/784359",
  year={2021},
}

@misc{ bytedance_faas,
  title = "字节跳动函数计算大规模实践及Serverless展望",
  url = "https://zhuanlan.zhihu.com/p/532458495",
  year={2022},
}

@misc{ firecracker_home,
  title = "Firecracker - Secure and fast microVMs for serverless computing",
  url = "https://firecracker-microvm.github.io/",
  year={2022},
}

@misc{ gcr_knative,
  title = "Is Google Cloud Run really Knative?",
  url = "https://ahmet.im/blog/cloud-run-is-a-knative/",
  year={2020},
}

@inproceedings{shahrad2020serverless,
  title={Serverless in the wild: Characterizing and optimizing the serverless workload at a large cloud provider},
  author={Shahrad, Mohammad and Fonseca, Rodrigo and Goiri, {\'I}{\~n}igo and Chaudhry, Gohar and Batum, Paul and Cooke, Jason and Laureano, Eduardo and Tresness, Colby and Russinovich, Mark and Bianchini, Ricardo},
  booktitle={2020 USENIX Annual Technical Conference (USENIX ATC 20)},
  pages={205--218},
  year={2020}
}

@misc{ how_ibm_cloud_functions_works,
  title = "How Cloud Functions works",
  url = "https://cloud.ibm.com/docs/openwhisk?topic=openwhisk-about&locale=en",
  year={2022},
}



@misc{ overview_oracle_functions,
  title = "Overview of Functions",
  url = "https://docs.oracle.com/en-us/iaas/Content/Functions/Concepts/functionsoverview.htm",
  year={2022},
}



@misc{ nimbella_k8s,
  title = "Meet Nimbella, newest Kubernetes serverless solution on the block",
  url = "https://techgenix.com/nimbella-kubernetes-serverless/",
  year={2019},
}

@misc{ aliyun_faas_arch,
  title = "从函数计算架构看 Serverless 的演进与思考",
  url = "https://developer.aliyun.com/article/726194",
  year={2019},
}

@misc{ gaode_serverless,
  title = "高德 Serverless 平台建设及实践",
  url = "https://developer.aliyun.com/article/783967?spm=a2c6h.12873581.technical-group.dArticle783967.12735e66eSifSE",
  year={2021},
}

@misc{ aliyun_faas_arch_2,
  title = "阿里云 FaaS 架构设计",
  url = "https://developer.aliyun.com/article/819594?spm=a2c6h.12873581.technical-group.dArticle819594.46fb5e66m8eGjW",
  year={2021},
}

@misc{ tecent_faas_cold_start,
  title = "腾讯云函数计算冷启动优化实践",
  url = "https://cloud.tencent.com/developer/article/1461709",
  year={2019},
}


@misc{ baidu_serverless_arch,
  title = "百度 Serverless 架构揭秘与应用实践",
  url = "https://xie.infoq.cn/article/429b59c0c6c91f9cf8b633021",
  year={2021},
}

@misc{ cloud_native_report_serverless,
  title = "云原生行业研究短报告(七):无服务器",
  url = "https://pdf.dfcfw.com/pdf/H3_AP202201141540404897_1.pdf?1642193074000.pdf",
  year={2021},
}


@misc{ icbc_faas_arch,
  title = "工商银行 Serverless 函数计算落地实践",
  url = "https://www.infoq.cn/article/plg82yfmwvioqvvl0hzi",
  year={2021},
}


@misc{ tecent_serverless,
  title = "腾讯云原生战略及 Serverless 平台实践解析",
  url = "https://www.infoq.cn/article/we9ubdr1p*tr6crsmyrv",
  year={2019},
}